[gd_scene load_steps=12 format=2]

[ext_resource path="res://scripts/main.gd" type="Script" id=1]
[ext_resource path="res://scripts/canvas.gd" type="Script" id=2]
[ext_resource path="res://sprites/bg.png" type="Texture" id=3]
[ext_resource path="res://sprites/level.png" type="Texture" id=4]
[ext_resource path="res://sprites/markers.png" type="Texture" id=5]
[ext_resource path="res://sprites/vel_dir.png" type="Texture" id=6]
[ext_resource path="res://sprites/vel_level_under.png" type="Texture" id=7]
[ext_resource path="res://sprites/vel_level.png" type="Texture" id=8]
[ext_resource path="res://scripts/lander.gd" type="Script" id=9]
[ext_resource path="res://scripts/explosion_holder.gd" type="Script" id=10]

[sub_resource type="Animation" id=1]
resource_name = "fire"
length = 0.3
loop = true
tracks/0/type = "value"
tracks/0/path = NodePath(".:modulate")
tracks/0/interp = 1
tracks/0/loop_wrap = true
tracks/0/imported = false
tracks/0/enabled = true
tracks/0/keys = {
"times": PoolRealArray( 0, 0.1, 0.2 ),
"transitions": PoolRealArray( 1, 1, 1 ),
"update": 0,
"values": [ Color( 1, 0, 0, 0.741176 ), Color( 1, 0, 0, 0.0784314 ), Color( 1, 0, 0, 0.741176 ) ]
}

[node name="main" type="Node2D"]
script = ExtResource( 1 )

[node name="canvas" type="Node2D" parent="."]
modulate = Color( 1, 0, 0, 1 )
script = ExtResource( 2 )

[node name="camera" type="Camera2D" parent="."]
offset = Vector2( 512, 300 )
current = true
drag_margin_h_enabled = false
drag_margin_v_enabled = false

[node name="bg" type="TextureRect" parent="camera"]
modulate = Color( 1, 1, 1, 0.733333 )
margin_left = -175.0
margin_right = 1296.0
margin_bottom = 606.0
texture = ExtResource( 3 )
expand = true

[node name="d" type="Node2D" parent="camera"]
editor/display_folded = true
position = Vector2( 79.5728, 70.0116 )
scale = Vector2( 0.5, 0.5 )

[node name="level" type="Sprite" parent="camera/d"]
texture = ExtResource( 4 )
__meta__ = {
"_edit_lock_": true
}

[node name="markers" type="Sprite" parent="camera/d"]
texture = ExtResource( 5 )
__meta__ = {
"_edit_lock_": true
}

[node name="vel_dir" type="Position2D" parent="camera/d"]
__meta__ = {
"_edit_lock_": true
}

[node name="dir" type="Sprite" parent="camera/d/vel_dir"]
position = Vector2( 0, -27 )
texture = ExtResource( 6 )
__meta__ = {
"_edit_lock_": true
}

[node name="vel_power" type="TextureProgress" parent="camera/d"]
margin_left = 86.7091
margin_top = 87.4174
margin_right = 260.709
margin_bottom = 261.417
rect_rotation = 180.0
value = 16.0
texture_under = ExtResource( 7 )
texture_progress = ExtResource( 8 )
fill_mode = 8
__meta__ = {
"_edit_lock_": true
}

[node name="fuel" type="Label" parent="camera"]
margin_left = 40.0
margin_top = 125.0
margin_right = 120.0
margin_bottom = 153.0
text = "1235"
align = 1
valign = 1

[node name="lander" type="Node2D" parent="."]
editor/display_folded = true
position = Vector2( 154, 64 )
script = ExtResource( 9 )

[node name="explosion_holder" type="Node2D" parent="lander"]
editor/display_folded = true
visible = false
script = ExtResource( 10 )

[node name="exploder" type="Node2D" parent="lander/explosion_holder"]
modulate = Color( 1, 0, 0, 1 )
script = ExtResource( 2 )
__meta__ = {
"_edit_lock_": true
}

[node name="fire" type="Sprite" parent="lander"]
editor/display_folded = true
visible = false
modulate = Color( 1, 0, 0, 1 )
position = Vector2( 0.200073, 15.2 )
script = ExtResource( 2 )

[node name="fire_anim" type="AnimationPlayer" parent="lander/fire"]
playback_speed = 3.0
anims/fire = SubResource( 1 )

[node name="ship" type="Sprite" parent="lander"]
script = ExtResource( 2 )
__meta__ = {
"_edit_lock_": true
}

[node name="coliders" type="Node2D" parent="lander"]
editor/display_folded = true

[node name="col" type="Position2D" parent="lander/coliders"]
position = Vector2( -13, 13 )

[node name="col3" type="Position2D" parent="lander/coliders"]
position = Vector2( 0, 13 )

[node name="col2" type="Position2D" parent="lander/coliders"]
position = Vector2( 13, 13 )

[node name="col5" type="Position2D" parent="lander/coliders"]
position = Vector2( 0, -13 )
